@Article{Batir-2008,
    Author        = {N. Batir},
    Journal       = {Archiv der Mathematik},
    Number        = {6},
    Pages         = {554--563},
    Title         = {Inequalities for the gamma function},
    Volume        = {91},
    Year          = {2008},
}

@Article{Cesa-Bianchi-Freund-Haussler-Helmbold-Schapire-Warmuth-1997,
    Address       = {New York, NY, USA},
    Author        = {N. Cesa-Bianchi and Y. Freund and D. Haussler and D. P. Helmbold and R. E. Schapire and M. K. Warmuth},
    Journal       = {J. ACM},
    Number        = {3},
    Pages         = {427--485},
    Publisher     = {ACM},
    Title         = {How to use expert advice},
    Volume        = {44},
    Year          = {1997},
}

@Article{Chen-2005,
    Author        = {C.-P. Chen},
    Journal       = {General Mathematics},
    Number        = {3},
    Pages         = {65--72},
    Title         = {Inequalities for the Polygamma Functions with Application},
    Volume        = {13},
    Year          = {2005},
}

@Article{Freund-Schapire-1997,
    Author        = {Y. Freund and R. E. Schapire},
    Journal       = {Journal of computer and system sciences},
    Number        = {1},
    Pages         = {119--139},
    Publisher     = {Elsevier},
    Title         = {A decision-theoretic generalization of on-line learning and an application to boosting},
    Volume        = {55},
    Year          = {1997},
}

@Article{Hoorfar-Hassani-2008,
    Author        = {A. Hoorfar and M. Hassani},
    Journal       = {J. Inequal. Pure and Appl. Math},
    Number        = {2},
    Title         = {Inequalities on the {Lambert W} function and hyperpower function},
    Volume        = {9},
    Year          = {2008},
}

@Article{Kelly-1956,
    Author        = {J. L. Kelly},
    Journal       = {Information Theory, IRE Transactions on},
    Month         = {September},
    Number        = {3},
    Pages         = {185--189},
    Publisher     = {IEEE},
    Title         = {{A new interpretation of information rate}},
    Volume        = {2},
    Year          = {1956},
}

@Article{Kivinen-Warmuth-1997,
    Author        = {J. Kivinen and M. Warmuth},
    Journal       = {Information and Computation},
    Month         = {January},
    Number        = {1},
    Pages         = {1--63},
    Title         = {Exponentiated Gradient versus Gradient Descent for Linear Predictors},
    Volume        = {132},
    Year          = {1997},
}

@Article{Krichevsky-Trofimov-1981,
    Author        = {R. E. Krichevsky and V. K. Trofimov},
    Journal       = {IEEE Transactions on Information Theory},
    Number        = {2},
    Pages         = {199--206},
    Title         = {The performance of universal encoding.},
    Volume        = {27},
    Year          = {1981},
}

@Article{Littlestone-1988,
    Author        = {N. Littlestone},
    Journal       = {Machine Learning},
    Number        = {4},
    Pages         = {285--318},
    Publisher     = {Kluwer},
    Title         = {Learning Quickly when Irrelevant Attributes Abound: a New Linear-threshold Algorithm},
    Volume        = {2},
    Year          = {1988},
}

@Article{Littlestone-Warmuth-1994,
    Author        = {N. Littlestone and M. K. Warmuth},
    Journal       = {Information and Computation},
    Number        = {2},
    Pages         = {212--261},
    Publisher     = {Elsevier},
    Title         = {The Weighted Majority Algorithm},
    Volume        = {108},
    Year          = {1994},
}

@Article{Munro-1951,
    Author        = {H. Robbins and S. Munro},
    Journal       = {Annals of Mathematical Statistics},
    Pages         = {400--407},
    Title         = {A stochastic approximation method},
    Volume        = {22},
    Year          = {1951},
}

@Article{Shalev-Shwartz-2011,
    Author        = {S. Shalev-Shwartz},
    Journal       = {Foundations and Trends in Machine Learning},
    Number        = {2},
    Pages         = {107--194},
    Publisher     = {Now Publishers Inc},
    Title         = {Online Learning and Online Convex Optimization},
    Volume        = {4},
    Year          = {2011},
}

@Article{Vovk-1998,
    Author        = {V. Vovk},
    Journal       = {Journal of Computer and System Sciences},
    Pages         = {153--173},
    Title         = {A Game of Prediction with Expert Advice},
    Volume        = {56},
    Year          = {1998},
}

@Article{Willems-Shtarkov-Tjalkens-1995,
    Author        = {F. M. J. Willems and Y. M. Shtarkov and T. J. Tjalkens},
    Journal       = {IEEE Transactions on Information Theory},
    Pages         = {653--664},
    Title         = {The Context Tree Weighting Method: Basic Properties},
    Volume        = {41},
    Year          = {1995},
}

@InCollection{Luo-Schapire-2014,
    Author        = {H. Luo and R. E. Schapire},
    Booktitle     = {Advances in Neural Information Processing Systems 27},
    Editor        = {Z. Ghahramani and M. Welling and C. Cortes and N.D. Lawrence and K.Q. Weinberger},
    Pages         = {1368--1376},
    Publisher     = {Curran Associates, Inc.},
    Title         = {A Drifting-Games Analysis for Online Learning and Applications to Boosting},
    Year          = {2014},
}

@InCollection{Srebro-Sridharan-Tewari-2010,
    Author        = {N. Srebro and K. Sridharan and A. Tewari},
    Booktitle     = {Advances in Neural Information Processing Systems 23},
    Editor        = {J. Lafferty and C. K. I. Williams and J. Shawe-Taylor and R. S. Zemel and A. Culotta},
    Pages         = {2199--2207},
    Publisher     = {Curran Associates, Inc.},
    Title         = {Smoothness, Low Noise and Fast Rates},
    Year          = {2010},
}

@InCollection{Sridharan-Shalev-Shwartz-Srebro-2009,
    Author        = {Karthik Sridharan and Shai Shalev-shwartz and Nathan Srebro},
    Booktitle     = {Advances in Neural Information Processing Systems 21},
    Editor        = {D. Koller and D. Schuurmans and Y. Bengio and L. Bottou},
    Pages         = {1545--1552},
    Publisher     = {Curran Associates, Inc.},
    Title         = {Fast Rates for Regularized Objectives},
    Year          = {2009},
}

@InProceedings{Chaudhuri-Freund-Hsu-2009,
    Author        = {K. Chaudhuri and Y. Freund and D. Hsu},
    Booktitle     = {Advances in Neural Information Processing Systems 22 (NIPS 2009), December 7-12, Vancouver, BC, Canada},
    Editor        = {Y. Bengio and D. Schuurmans and J. D. Lafferty and C. K. I. Williams and A. Culotta},
    Pages         = {297--305},
    Title         = {A Parameter-free Hedging Algorithm},
    Year          = {2009},
}

@InProceedings{Chernov-Vovk-2010,
    Author        = {A. Chernov and V. Vovk},
    Booktitle     = {Proc. of the 26th Conf. on Uncertainty in Artificial Intelligence (UAI 2010), July 8-11, Catalina Island, California, USA},
    Editor        = {Peter Gr{\"u}nwald and Peter Spirtes},
    Publisher     = {AUAI Press},
    Title         = {Prediction with Advice of Unknown Number of Experts},
    Year          = {2010},
}

@InProceedings{Foster-Rakhlin-Sridharan-2015,
    Author        = {D. J. Foster and A. Rakhlin and K. Sridharan},
    Booktitle     = {Advances in Neural Information Processing Systems 28},
    Editor        = {C. Cortes and N. D. Lawrence and D. D. Lee and M. Sugiyama and R. Garnett},
    Pages         = {3375--3383},
    Publisher     = {Curran Associates, Inc.},
    Title         = {Adaptive Online Learning},
    Year          = {2015},
}

@InProceedings{Koolen-van-Erven-2015,
    Author        = {W. M. Koolen and T. van Erven},
    Booktitle     = {Proc. of the 28th Conf. on Learning Theory (COLT 2015), July 3-6, Paris, France},
    Editor        = {Peter Gr{\"u}nwald and Elad Hazan and Satyen Kale},
    Pages         = {1155--1175},
    Title         = {Second-order Quantile Methods for Experts and Combinatorial Games},
    Year          = {2015},
}

@InProceedings{Luo-Schapire-2015,
    Author        = {H. Luo and R. E. Schapire},
    Booktitle     = {Proc. of the 28th Conf. on Learning Theory (COLT 2015), July 3-6, Paris, France},
    Editor        = {Peter Gr{\"u}nwald and Elad Hazan and Satyen Kale},
    Pages         = {1286--1304},
    Title         = {Achieving All with No Parameters: {AdaNormalHedge}},
    Year          = {2015},
}

@InProceedings{McMahan-Abernethy-2013,
    Author        = {H. B. McMahan and J. Abernethy},
    Booktitle     = {Advances in Neural Information Processing Systems 26 (NIPS 2013)},
    Editor        = {C. J. C. Burges and L. Bottou and M. Welling and Z. Ghahramani and K. Q. Weinberger},
    Pages         = {2724--2732},
    Title         = {Minimax optimal algorithms for unconstrained linear optimization},
    Year          = {2013},
}

@InProceedings{McMahan-Orabona-2014,
    Author        = {H. B. McMahan and F. Orabona},
    Booktitle     = {Proc. of The 27th Conf. on Learning Theory (COLT 2014), June 13-15, Barcelona, Spain},
    Editor        = {Vitaly Feldman and Csaba Szepesvári and Maria Florina Balcan},
    Pages         = {1020--1039},
    Title         = {Unconstrained Online Linear Learning in {Hilbert} Spaces: Minimax Algorithms and Normal Approximations},
    Year          = {2014},
}

@InProceedings{Orabona-2013,
    Author        = {F. Orabona},
    Booktitle     = {Advances in Neural Information Processing Systems 26},
    Editor        = {C. J. C. Burges and L. Bottou and M. Welling and Z. Ghahramani and K. Q. Weinberger},
    Pages         = {1806--1814},
    Publisher     = {Curran Associates, Inc.},
    Title         = {Dimension-free Exponentiated Gradient},
    Year          = {2013},
}

@InProceedings{Orabona-2014,
    Author        = {F. Orabona},
    Booktitle     = {Advances in Neural Information Processing Systems 27},
    Pages         = {1116--1124},
    Title         = {Simultaneous Model Selection and Optimization through Parameter-free Stochastic Learning},
    Year          = {2014},
}

@InProceedings{Streeter-McMahan-2012,
    Author        = {M. Streeter and B. McMahan},
    Booktitle     = {Advances in Neural Information Processing Systems 25 (NIPS 2012), Decmber 3-8, Lake Tahoe, Nevada, USA},
    Editor        = {F. Pereira and C. J. C. Burges and L. Bottou and K. Q. Weinberger},
    Pages         = {2402--2410},
    Title         = {No-regret algorithms for unconstrained online convex optimization},
    Year          = {2012},
}

@Misc{Orabona-Pal-2016-parameter-free,
    Author        = {F. Orabona and D. P\'al},
    Note          = {Available from: \url{http://arxiv.org/pdf/1602.04128.pdf}},
    Title         = {From Coin Betting to Parameter-Free Online Learning},
    Year          = {2016},
}

@Book{Artin-1964,
    Author        = {Emil Artin},
    Publisher     = {Holt, Rinehart and Winston, Inc.},
    Title         = {The Gamma Function},
    Year          = {1964},
}

@Book{Cesa-Bianchi-Lugosi-2006,
    Author        = {N. Cesa-Bianchi and G. Lugosi},
    Publisher     = {Cambridge University Press},
    Title         = {Prediction, learning, and games},
    Year          = {2006},
}

@Book{Whittaker-Watson-1962,
    Author        = {E. T. Whittaker and G. N. Watson},
    Edition       = {Fourth},
    Note          = {Reprinted},
    Publisher     = {Cambridge University Press},
    Title         = {A Course of Modern Analysis},
    Year          = {1962},
}

